<record><leader>00000cas a2200000 i 4500</leader><controlfield tag="001">15861487</controlfield><controlfield tag="008">870608d19021912inudn ne      0    0eng c</controlfield><datafield ind1=" " ind2=" " tag="010"><subfield code="a">sn 87056057 </subfield></datafield><datafield ind1=" " ind2=" " tag="040"><subfield code="a">NPI</subfield><subfield code="b">eng</subfield><subfield code="e">rda</subfield><subfield code="c">NPI</subfield><subfield code="d">OCLCQ</subfield><subfield code="d">IUL</subfield><subfield code="d">OCLCF</subfield></datafield><datafield ind1=" " ind2=" " tag="042"><subfield code="a">pcc</subfield></datafield><datafield ind1=" " ind2=" " tag="043"><subfield code="a">n-us-in</subfield></datafield><datafield ind1="0" ind2=" " tag="130"><subfield code="a">Logansport journal (Logansport, Ind. : Daily : 1902)</subfield></datafield><datafield ind1="1" ind2="4" tag="245"><subfield code="a">The Logansport journal.</subfield></datafield><datafield ind1=" " ind2="1" tag="264"><subfield code="a">Logansport, Ind. :</subfield><subfield code="b">Keesling &amp; Metzger Bros.,</subfield><subfield code="c">1902-1912.</subfield></datafield><datafield ind1=" " ind2=" " tag="300"><subfield code="a">volumes</subfield></datafield><datafield ind1=" " ind2=" " tag="310"><subfield code="a">Daily (except Monday)</subfield></datafield><datafield ind1=" " ind2=" " tag="336"><subfield code="a">text</subfield><subfield code="b">txt</subfield><subfield code="2">rdacontent</subfield></datafield><datafield ind1=" " ind2=" " tag="337"><subfield code="a">unmediated</subfield><subfield code="b">n</subfield><subfield code="2">rdamedia</subfield></datafield><datafield ind1=" " ind2=" " tag="338"><subfield code="a">volume</subfield><subfield code="b">nc</subfield><subfield code="2">rdacarrier</subfield></datafield><datafield ind1="0" ind2=" " tag="362"><subfield code="a">October 28, 1902-Thirty-Sixth year, no. 184 (October 4, 1912).</subfield></datafield><datafield ind1=" " ind2="0" tag="651"><subfield code="a">Logansport (Ind.)</subfield><subfield code="v">Newspapers.</subfield></datafield><datafield ind1=" " ind2="0" tag="651"><subfield code="a">Cass County (Ind.)</subfield><subfield code="v">Newspapers.</subfield></datafield><datafield ind1=" " ind2="7" tag="655"><subfield code="a">Newspapers.</subfield><subfield code="2">fast</subfield><subfield code="0">(OCoLC)fst01423814</subfield></datafield><datafield ind1=" " ind2="7" tag="651"><subfield code="a">Indiana</subfield><subfield code="z">Cass County.</subfield><subfield code="2">fast</subfield><subfield code="0">(OCoLC)fst01206116</subfield></datafield><datafield ind1=" " ind2="7" tag="651"><subfield code="a">Indiana</subfield><subfield code="z">Logansport.</subfield><subfield code="2">fast</subfield><subfield code="0">(OCoLC)fst01206115</subfield></datafield><datafield ind1=" " ind2=" " tag="752"><subfield code="a">United States</subfield><subfield code="b">Indiana</subfield><subfield code="c">Cass</subfield><subfield code="d">Logansport.</subfield></datafield><datafield ind1="0" ind2="0" tag="780"><subfield code="t">Logansport morning journal</subfield><subfield code="w">(DLC)sn 87056027</subfield><subfield code="w">(OCoLC)15861468</subfield></datafield><datafield ind1="0" ind2="7" tag="785"><subfield code="t">Logansport daily tribune (Logansport, Ind. : 1907)</subfield><subfield code="w">(DLC)sn 87056058</subfield><subfield code="w">(OCoLC)15864228</subfield></datafield><datafield ind1="0" ind2="7" tag="785"><subfield code="t">Journal-tribune (Logansport, Ind.)</subfield><subfield code="w">(DLC)sn 87056101</subfield><subfield code="w">(OCoLC)15863709</subfield></datafield><datafield ind1="4" ind2="1" tag="856"><subfield code="u">https://access.newspaperarchive.com/us/indiana/logansport/logansport-journal/</subfield></datafield></record>